<record><leader>00000cas a2200000 a 4500</leader><controlfield tag="001">10847131</controlfield><controlfield tag="008">840615d18751878vtucr ne      0    0eng d</controlfield><datafield ind1=" " ind2=" " tag="010"><subfield code="a">sn 84023245 </subfield></datafield><datafield ind1=" " ind2=" " tag="040"><subfield code="a">AQM</subfield><subfield code="b">eng</subfield><subfield code="c">AQM</subfield><subfield code="d">NPX</subfield><subfield code="d">MGN</subfield><subfield code="d">NVN</subfield><subfield code="d">OCLCQ</subfield><subfield code="d">OCLCF</subfield><subfield code="d">OCLCO</subfield></datafield><datafield ind1="1" ind2=" " tag="029"><subfield code="a">AU@</subfield><subfield code="b">000025821584</subfield></datafield><datafield ind1=" " ind2=" " tag="042"><subfield code="a">msc</subfield></datafield><datafield ind1=" " ind2=" " tag="043"><subfield code="a">n-us-vt</subfield></datafield><datafield ind1="0" ind2="0" tag="245"><subfield code="a">St. Albans semi-weekly advertiser.</subfield></datafield><datafield ind1="3" ind2=" " tag="246"><subfield code="a">Saint Albans semiweekly advertiser</subfield></datafield><datafield ind1="1" ind2="3" tag="246"><subfield code="a">Semi-weekly advertiser</subfield></datafield><datafield ind1="1" ind2="7" tag="246"><subfield code="a">St. Albans daily advertiser</subfield></datafield><datafield ind1=" " ind2=" " tag="260"><subfield code="a">St. Albans, Vt. :</subfield><subfield code="b">St. Albans Advertiser Co.</subfield></datafield><datafield ind1=" " ind2=" " tag="300"><subfield code="a">v.</subfield></datafield><datafield ind1=" " ind2=" " tag="310"><subfield code="a">Semiweekly</subfield></datafield><datafield ind1="1" ind2=" " tag="362"><subfield code="a">Began in June 1875; ceased June 7, 1878?</subfield></datafield><datafield ind1=" " ind2=" " tag="500"><subfield code="a">Editor: S.E. Royce, &lt;1876&gt;.</subfield></datafield><datafield ind1=" " ind2=" " tag="500"><subfield code="a">"Union Republican."</subfield></datafield><datafield ind1=" " ind2=" " tag="588"><subfield code="a">Description based on: Vol. 1, no. 3 (July 6, 1875).</subfield></datafield><datafield ind1=" " ind2="0" tag="651"><subfield code="a">Saint Albans (Vt.)</subfield><subfield code="v">Newspapers.</subfield></datafield><datafield ind1=" " ind2="0" tag="651"><subfield code="a">Vermont</subfield><subfield code="v">Newspapers.</subfield></datafield><datafield ind1=" " ind2="7" tag="655"><subfield code="a">Newspapers.</subfield><subfield code="2">fast</subfield><subfield code="0">(OCoLC)fst01423814</subfield></datafield><datafield ind1=" " ind2="7" tag="651"><subfield code="a">Vermont.</subfield><subfield code="2">fast</subfield><subfield code="0">(OCoLC)fst01204305</subfield></datafield><datafield ind1=" " ind2="7" tag="651"><subfield code="a">Vermont</subfield><subfield code="z">Saint Albans.</subfield><subfield code="2">fast</subfield><subfield code="0">(OCoLC)fst01222426</subfield></datafield><datafield ind1="1" ind2=" " tag="700"><subfield code="a">Royce, Stephen Edmunds,</subfield><subfield code="d">1852-1928.</subfield></datafield><datafield ind1=" " ind2=" " tag="752"><subfield code="a">United States</subfield><subfield code="b">Vermont</subfield><subfield code="c">Franklin</subfield><subfield code="d">Saint Albans.</subfield></datafield><datafield ind1="0" ind2=" " tag="775"><subfield code="t">St. Albans daily advertiser</subfield><subfield code="w">(DLC)sn 85033132</subfield><subfield code="w">(OCoLC)11693468</subfield></datafield><datafield ind1="0" ind2=" " tag="775"><subfield code="t">St. Albans daily messenger (Saint Albans, Vt. : 1863)</subfield><subfield code="w">(DLC)sn 84023244</subfield><subfield code="w">(OCoLC)10818968</subfield></datafield><datafield ind1="0" ind2=" " tag="775"><subfield code="t">St. Albans weekly messenger (Saint Albans, Vt. : 1873)</subfield><subfield code="w">(DLC)sn 84023243</subfield><subfield code="w">(OCoLC)10819090</subfield></datafield><datafield ind1="0" ind2="0" tag="785"><subfield code="t">St. Albans advertiser (Saint Albans, Vt. : Semiweekly)</subfield><subfield code="w">(DLC)sn 92056744</subfield><subfield code="w">(OCoLC)26368553</subfield></datafield></record>